<record><leader>00000cas a22000007a 4500</leader><controlfield tag="001">15193450</controlfield><controlfield tag="008">870213c19799999ohusr ne      0    0eng d</controlfield><datafield ind1=" " ind2=" " tag="010"><subfield code="a">sn 87079975 </subfield></datafield><datafield ind1=" " ind2=" " tag="040"><subfield code="a">NPH</subfield><subfield code="b">eng</subfield><subfield code="c">NPH</subfield><subfield code="d">OCLCQ</subfield><subfield code="d">TEF</subfield><subfield code="d">OCLCF</subfield></datafield><datafield ind1="1" ind2=" " tag="029"><subfield code="a">AU@</subfield><subfield code="b">000025810217</subfield></datafield><datafield ind1="0" ind2=" " tag="041"><subfield code="a">eng</subfield><subfield code="a">ukr</subfield></datafield><datafield ind1=" " ind2=" " tag="042"><subfield code="a">msc</subfield></datafield><datafield ind1=" " ind2="4" tag="050"><subfield code="a">BX4711.73.P37</subfield><subfield code="b">H67</subfield></datafield><datafield ind1="0" ind2=" " tag="130"><subfield code="a">Horizons (Parma, Ohio)</subfield></datafield><datafield ind1="1" ind2="0" tag="245"><subfield code="a">Horizons.</subfield></datafield><datafield ind1=" " ind2=" " tag="260"><subfield code="a">Parma, Ohio :</subfield><subfield code="b">Byzantine Catholic Diocese of Parma,</subfield><subfield code="c">1979-</subfield></datafield><datafield ind1=" " ind2=" " tag="300"><subfield code="a">v. :</subfield><subfield code="b">ill. ;</subfield><subfield code="c">36 cm.</subfield></datafield><datafield ind1=" " ind2=" " tag="310"><subfield code="a">Semimonthy</subfield></datafield><datafield ind1="0" ind2=" " tag="362"><subfield code="a">[Vol. 1, no. 1] Jan. 14, 1979-</subfield></datafield><datafield ind1=" " ind2=" " tag="525"><subfield code="a">Supplements accompany some issues.</subfield></datafield><datafield ind1=" " ind2=" " tag="546"><subfield code="a">English and Ukrainian.</subfield></datafield><datafield ind1=" " ind2=" " tag="550"><subfield code="a">"Official publication of the Byzantine Catholic Diocese of Parma, Ohio."</subfield></datafield><datafield ind1="2" ind2="0" tag="610"><subfield code="a">Catholic Church.</subfield><subfield code="b">Eparchy of Parma (Ohio)</subfield><subfield code="v">Periodicals.</subfield></datafield><datafield ind1=" " ind2="0" tag="650"><subfield code="a">Catholics, Ukrainian</subfield><subfield code="z">Ohio</subfield><subfield code="z">Parma</subfield><subfield code="v">Periodicals.</subfield></datafield><datafield ind1=" " ind2="7" tag="655"><subfield code="a">Periodicals.</subfield><subfield code="2">fast</subfield><subfield code="0">(OCoLC)fst01411641</subfield></datafield><datafield ind1="2" ind2="7" tag="610"><subfield code="a">Catholic Church.</subfield><subfield code="b">Eparchy of Parma (Ohio)</subfield><subfield code="2">fast</subfield><subfield code="0">(OCoLC)fst00523826</subfield></datafield><datafield ind1=" " ind2="7" tag="650"><subfield code="a">Catholics, Ukrainian.</subfield><subfield code="2">fast</subfield><subfield code="0">(OCoLC)fst00849350</subfield></datafield><datafield ind1=" " ind2="7" tag="651"><subfield code="a">Ohio</subfield><subfield code="z">Parma.</subfield><subfield code="2">fast</subfield><subfield code="0">(OCoLC)fst01222382</subfield></datafield><datafield ind1="2" ind2=" " tag="710"><subfield code="a">Catholic Church.</subfield><subfield code="b">Eparchy of Parma (Ohio)</subfield></datafield><datafield ind1=" " ind2=" " tag="752"><subfield code="a">United States</subfield><subfield code="b">Ohio</subfield><subfield code="c">Cuyahoga</subfield><subfield code="d">Parma.</subfield></datafield><datafield ind1="0" ind2="1" tag="780"><subfield code="t">Byzantine Catholic world</subfield><subfield code="w">(DLC)sn 82001501</subfield></datafield></record>